@article{Dawson1979,
    title = {{Laser electron accelerator}},
    year = {1979},
    journal = {Physical Review Letters},
    author = {Tajima, T. and Dawson, J. M.},
    number = {4},
    volume = {43},
    doi = {10.1103/PhysRevLett.43.267},
    issn = {00319007}
}

@incollection{Saleh2019BeamOptics,
    title = {{Beam Optics}},
    year = {2019},
    booktitle = {Fundamentals of Photonics},
    author = {Saleh, Bahaa E. A. and Teich, Malvin Carl},
    pages = {79--109},
    publisher = {John Wiley {\&} Sons, Inc.},
    address = {New York, USA}
}

@article{Griem2005ComparisonResults,
    title = {{Comparison of hydrogen Balmer-alpha Stark profiles measured at high electron densities with theoretical results}},
    year = {2005},
    journal = {Journal of Physics B: Atomic, Molecular and Optical Physics},
    author = {Griem, Hans R. and Halenka, Jacek and Olchawa, Wieslaw},
    number = {7},
    volume = {38},
    doi = {10.1088/0953-4075/38/7/016},
    issn = {09534075}
}

@article{Strickland1985CompressionPulses,
    title = {{Compression of amplified chirped optical pulses}},
    year = {1985},
    journal = {Optics Communications},
    author = {Strickland, Donna and Mourou, Gerard},
    number = {3},
    volume = {56},
    doi = {10.1016/0030-4018(85)90120-8},
    issn = {00304018}
}

@article{Palchan2007ElectronChannel,
    title = {{Electron density in low density capillary plasma channel}},
    year = {2007},
    journal = {Applied Physics Letters},
    author = {Palchan, T. and Kaganovich, D. and Sasorov, P. and Sprangle, P. and Ting, C. and Zigler, A.},
    number = {6},
    volume = {90},
    doi = {10.1063/1.2472525},
    issn = {00036951}
}

@book{Levin2009ExcitationAcceleration,
    title = {{Excitation of Plasma Wakefields and Electron Acceleration}},
    year = {2009},
    author = {Levin, Michael},
    publisher = {Hebrew University}
}

@book{Saleh2019FundamentalsPhotonics,
    title = {{Fundamentals of photonics}},
    year = {2019},
    author = {Saleh, Bahaa E. A. and Teich, Malvin Carl},
    edition = {3rd ed.},
    series = {Wiley series in pure and applied optics},
    publisher = {Wiley},
    address = {Hoboken, N.J.},
    isbn = {9781119506874},
    keywords = {Photonics},
    language = {eng}
}

@article{andBeharEhudGasPulse,
    title = {{Gas filled capillary discharge stabilization for plasma based accelerators by means of a laser pulse}},
    journal = {Optical Letters.},
    author = {and Behar Ehud, Biagioni Angelo and Anania, Maria P. and Arjmand, Sahar and Behar, Ehud and Costa, Gemma and Del Dotto, Alessio and Ferrario, Massimo and Galletti, Mario and Lollo, Valerio and Pellegrini, Donato and Di Pirro, Giampiero and Pompili, Riccardo and Raz, Yoav and Russo, Graziella and Zigler, Arie},
    pages = {accepted for publication-to be published}
}

@article{Leemans2006GeVAccelerator,
    title = {{GeV electron beams from a centimetre-scale accelerator}},
    year = {2006},
    journal = {Nature Physics},
    author = {Leemans, W P and Nagler, B and Gonsalves, A J and T{\'{o}}th, Cs. and Nakamura, K and Geddes, C G R and Esarey, E and Schroeder, C B and Hooker, S M},
    number = {10},
    pages = {696--699},
    volume = {2},
    url = {https://doi.org/10.1038/nphys418},
    doi = {10.1038/nphys418},
    issn = {1745-2481}
}

@article{Ehrlich1996GuidingExperiments,
    title = {{Guiding of High Intensity Laser Pulses in Straight and Curved Plasma Channel Experiments}},
    year = {1996},
    journal = {Physical Review Letters},
    author = {Ehrlich, Y. and Cohen, C. and Zigler, A. and Krall, J. and Sprangle, P. and Esarey, E.},
    number = {20},
    month = {11},
    volume = {77},
    doi = {10.1103/PhysRevLett.77.4186},
    issn = {0031-9007}
}

@article{Butler2002GuidingWaveguide,
    title = {{Guiding of High-Intensity Laser Pulses with a Hydrogen-Filled Capillary Discharge Waveguide}},
    year = {2002},
    journal = {Physical Review Letters},
    author = {Butler, A. and Spence, D. J. and Hooker, S. M.},
    number = {18},
    month = {10},
    volume = {89},
    doi = {10.1103/PhysRevLett.89.185003},
    issn = {0031-9007}
}

@article{Hooker2000GuidingWaveguide,
    title = {{Guiding of high-intensity picosecond laser pulses in a discharge-ablated capillary waveguide}},
    year = {2000},
    journal = {Journal of the Optical Society of America B},
    author = {Hooker, S. M. and Spence, D. J. and Smith, R. A.},
    number = {1},
    month = {1},
    volume = {17},
    doi = {10.1364/JOSAB.17.000090},
    issn = {0740-3224}
}

@phdthesis{Ferber2019GuidingChannels,
    title = {{Guiding of Intense Ultrashort Laser Pulses in 3D Printed Curved Plasma Channels}},
    year = {2019},
    author = {Ferber, Yair},
    school = {Hebrew University of Jerusalem},
    address = {Jerusalem}
}

@book{Chen1984IntroductionFusion,
    title = {{Introduction to plasma physics and controlled fusion}},
    year = {1984},
    author = {Chen, Francis F},
    edition = {2nd ed.},
    publisher = {Plenum Press},
    address = {New York},
    keywords = {Plasma (Ionized gases)},
    language = {eng}
}

@article{Spence2001InvestigationWaveguide,
    title = {{Investigation of a hydrogen plasma waveguide}},
    year = {2001},
    journal = {Physical Review E - Statistical, Nonlinear, and Soft Matter Physics},
    author = {Spence, D. J. and Hooker, S. M.},
    number = {1 II},
    volume = {63},
    doi = {10.1103/PhysRevE.63.015401},
    issn = {15393755}
}

@inproceedings{Sprangle1988LaserGuiding,
    title = {{Laser wakefield acceleration and relativstic optical guiding}},
    year = {1988},
    booktitle = {AIP Conference Proceedings},
    author = {Sprangle, P. and Joyce, G. and Esarey, E. and Ting, A.},
    publisher = {AIP},
    doi = {10.1063/1.37621},
    issn = {0094243X}
}

@article{andBeharEhudLowCapillary,
    title = {{Low jitter hollow profile low density plasma channel in 3D printed gas filled capillary}},
    journal = {Plasma Research Express},
    author = {and Behar Ehud, Raz Yoav, and Behar, Ehud and Ferber, Yair and Zigler, Arie and Biagioni, Angelo and Galletti, Mario and Anania, Maria and Pompili, Riccardo},
    pages = {accepted for publication-to be published}
}

@article{Dorchies1999MonomodeTubes,
    title = {{Monomode guiding of 1016W/cm2 laser pulses over 100 rayleigh lengths in hollow capillary dielectric tubes}},
    year = {1999},
    journal = {Physical Review Letters},
    author = {Dorchies, F. and Marqu{\`{e}}s, J. R. and Cros, B. and Matthieussent, G. and Courtois, C. and V{\'{e}}likoroussov, T. and Audebert, P. and Geindre, J. P. and Rebibo, S. and Hamoniaux, G. and Amiranoff, F.},
    number = {23},
    volume = {82},
    doi = {10.1103/PhysRevLett.82.4655},
    issn = {10797114}
}

@article{Leemans2014Multi-GeVRegime,
    title = {{Multi-GeV Electron Beams from Capillary-Discharge-Guided Subpetawatt Laser Pulses in the Self-Trapping Regime}},
    year = {2014},
    journal = {Physical Review Letters},
    author = {Leemans, W. P. and Gonsalves, A. J. and Mao, H.-S. and Nakamura, K and Benedetti, C and Schroeder, C. B. and T{\'{o}}th, Cs. and Daniels, J and Mittelberger, D. E. and Bulanov, S. S. and Vay, J.-L. and Geddes, C. G. R. and Esarey, E},
    number = {24},
    month = {12},
    pages = {245002},
    volume = {113},
    publisher = {American Physical Society},
    url = {https://link.aps.org/doi/10.1103/PhysRevLett.113.245002},
    doi = {10.1103/PhysRevLett.113.245002}
}

@article{Sprangle1990NonlinearPlasmas,
    title = {{Nonlinear interaction of intense laser pulses in plasmas}},
    year = {1990},
    journal = {Physical Review A},
    author = {Sprangle, P. and Esarey, E. and Ting, A.},
    number = {8},
    month = {4},
    volume = {41},
    doi = {10.1103/PhysRevA.41.4463},
    issn = {1050-2947}
}

@article{Gonsalves2019PetawattWaveguide,
    title = {{Petawatt Laser Guiding and Electron Beam Acceleration to 8 GeV in a Laser-Heated Capillary Discharge Waveguide}},
    year = {2019},
    journal = {Physical Review Letters},
    author = {Gonsalves, A. J. and Nakamura, K. and Daniels, J. and Benedetti, C. and Pieronek, C. and De Raadt, T. C.H. and Steinke, S. and Bin, J. H. and Bulanov, S. S. and Van Tilborg, J. and Geddes, C. G.R. and Schroeder, C. B. and T{\'{o}}th, Cs and Esarey, E. and Swanson, K. and Fan-Chiang, L. and Bagdasarov, G. and Bobrova, N. and Gasilov, V. and Korn, G. and Sasorov, P. and Leemans, W. P.},
    number = {8},
    volume = {122},
    doi = {10.1103/PhysRevLett.122.084801},
    issn = {10797114}
}

@article{Schroeder2010PhysicsColliders,
    title = {{Physics considerations for laser-plasma linear colliders}},
    year = {2010},
    journal = {Physical Review Special Topics - Accelerators and Beams},
    author = {Schroeder, C. B. and Esarey, E. and Geddes, C. G.R. and Benedetti, C. and Leemans, W. P.},
    number = {10},
    volume = {13},
    doi = {10.1103/PhysRevSTAB.13.101301},
    issn = {10984402}
}

@article{Esarey2009PhysicsAccelerators,
    title = {{Physics of laser-driven plasma-based electron accelerators}},
    year = {2009},
    journal = {Reviews of Modern Physics},
    author = {Esarey, E and Schroeder, C B and Leemans, W P},
    number = {3},
    month = {8},
    pages = {1229--1285},
    volume = {81},
    publisher = {American Physical Society},
    doi = {10.1103/RevModPhys.81.1229}
}

@book{McWhirter1965PlasmaTechniques,
    title = {{Plasma Diagnostic Techniques}},
    year = {1965},
    author = {McWhirter, R. W. P.},
    editor = {Huddlestone, Richard H. and Leonard, Stanley L.},
    publisher = {Academic Press},
    address = {New York}
}

@book{Wiese1965PlasmaTechniques,
    title = {{Plasma Diagnostic Techniques}},
    year = {1965},
    author = {Wiese, W. L.},
    editor = {Huddlestone, Richard H and Leonard, Stanley L},
    publisher = {Academic Press}
}

@book{Griem1964PlasmaSpectroscopy,
    title = {{Plasma Spectroscopy}},
    year = {1964},
    author = {Griem, Hans R.},
    publisher = {McGraw-Hill},
    address = {New York}
}

@book{Hutchinson2002PrinciplesDiagnostics,
    title = {{Principles of Plasma Diagnostics}},
    year = {2002},
    author = {Hutchinson, I. H.},
    publisher = {Cambridge University Press},
    isbn = {9780521803892},
    doi = {10.1017/CBO9780511613630}
}

@book{Griem1997PrinciplesSpectroscopy,
    title = {{Principles of Plasma Spectroscopy}},
    year = {1997},
    author = {Griem, Hans R},
    month = {11},
    publisher = {Cambridge University Press},
    isbn = {9780521455046},
    doi = {10.1017/CBO9780511524578}
}

@article{Sprangle1992PropagationPlasmas,
    title = {{Propagation and guiding of intense laser pulses in plasmas}},
    year = {1992},
    journal = {Physical Review Letters},
    author = {Sprangle, P and Esarey, E and Krall, J and Joyce, G},
    number = {15},
    month = {10},
    pages = {2200--2203},
    volume = {69},
    publisher = {American Physical Society},
    url = {https://link.aps.org/doi/10.1103/PhysRevLett.69.2200},
    doi = {10.1103/PhysRevLett.69.2200}
}

@article{Esarey1997Self-focusingPlasmas,
    title = {{Self-focusing and guiding of short laser pulses in ionizing gases and plasmas}},
    year = {1997},
    journal = {IEEE Journal of Quantum Electronics},
    author = {Esarey, Eric and Sprangle, Phillip and Krall, Jonathan and Ting, Antonio},
    number = {11},
    volume = {33},
    doi = {10.1109/3.641305},
    issn = {00189197}
}

@article{Bulanov1994ShortChannel,
    title = {{Short, relativistically strong laser pulse in a narrow channel}},
    year = {1994},
    journal = {Physics Letters A},
    author = {Bulanov, S V and Kamenets, F F and Pegoraro, F and Pukhov, A M},
    number = {1},
    pages = {84 - 89},
    volume = {195},
    url = {http://www.sciencedirect.com/science/article/pii/0375960194904316},
    doi = {https://doi.org/10.1016/0375-9601(94)90431-6},
    issn = {0375-9601}
}

@article{Bobrova2002SimulationsWaveguide,
    title = {{Simulations of a hydrogen-filled capillary discharge waveguide}},
    year = {2002},
    journal = {Physical Review E - Statistical Physics, Plasmas, Fluids, and Related Interdisciplinary Topics},
    author = {Bobrova, N.A. and Esaulov, A.A. and Sakai, J.-I. and Sasorov, P.V. and Spence, D.J. and Butler, A. and Hooker, S.M. and Bulanov, S.V.},
    number = {1},
    pages = {},
    volume = {65},
    doi = {10.1103/PhysRevE.65.016407}
}

@book{Griem1974SpectralPlasmas.,
    title = {{Spectral line broadening by plasmas.}},
    year = {1974},
    author = {Griem, Hans R},
    series = {Pure and applied physics ; 39. lat},
    publisher = {Academic Press},
    address = {New York},
    isbn = {0123028507},
    keywords = {Plasma spectroscopy},
    language = {eng}
}

@book{Thorne1988Spectrophysics,
    title = {{Spectrophysics}},
    year = {1988},
    author = {Thorne, Anne P.},
    publisher = {Springer Netherlands},
    address = {Dordrecht},
    isbn = {978-0-412-27470-1},
    doi = {10.1007/978-94-009-1193-2}
}

@article{Sprangle2000StableAcceleration,
    title = {{Stable Laser-Pulse Propagation in Plasma Channels for GeV Electron Acceleration}},
    year = {2000},
    journal = {Physical Review Letters},
    author = {Sprangle, P and Hafizi, B and Pe{\~{n}}ano, J R and Hubbard, R F and Ting, A and Zigler, A and Antonsen, T M},
    number = {24},
    month = {12},
    pages = {5110--5113},
    volume = {85},
    publisher = {American Physical Society},
    url = {https://link.aps.org/doi/10.1103/PhysRevLett.85.5110},
    doi = {10.1103/PhysRevLett.85.5110}
}

@article{Griem2000StarkPlasmas,
    title = {{Stark broadening of the hydrogen Balmer-alpha line in low and high density plasmas}},
    year = {2000},
    journal = {Contributions to Plasma Physics},
    author = {Griem, H. R.},
    number = {1-2},
    volume = {40},
    doi = {10.1002/(sici)1521-3986(200004)40:1/2<46::aid-ctpp46>3.0.co;2-m},
    issn = {08631042}
}